@article{De_Chiara_2008,
	title={Density Matrix Renormalization Group for Dummies},
	volume={5},
	ISSN={1546-1963},
	url={http://dx.doi.org/10.1166/jctn.2008.2564},
	DOI={10.1166/jctn.2008.2564},
	number={7},
	journal={Journal of Computational and Theoretical Nanoscience},
	publisher={American Scientific Publishers},
	author={De Chiara, Gabriele and Rizzi, Matteo and Rossini, Davide and Montangero, Simone},
	year={2008},
	month={Jul},
	pages={1277–1288}
}

@article{PhysRevLett.69.2863,
	title = {Density matrix formulation for quantum renormalization groups},
	author = {White, Steven R.},
	journal = {Phys. Rev. Lett.},
	volume = {69},
	issue = {19},
	pages = {2863--2866},
	numpages = {0},
	year = {1992},
	month = {Nov},
	publisher = {American Physical Society},
	doi = {10.1103/PhysRevLett.69.2863},
	url = {https://link.aps.org/doi/10.1103/PhysRevLett.69.2863}
}

@misc{latorre2003ground,
    title={Ground state entanglement in quantum spin chains},
    author={J. I. Latorre and E. Rico and G. Vidal},
    year={2003},
    eprint={quant-ph/0304098},
    archivePrefix={arXiv},
    primaryClass={quant-ph}
}
@article{Chung_2001,
	title={Density-matrix spectra of solvable fermionic systems},
	volume={64},
	ISSN={1095-3795},
	url={http://dx.doi.org/10.1103/PhysRevB.64.064412},
	DOI={10.1103/physrevb.64.064412},
	number={6},
	journal={Physical Review B},
	publisher={American Physical Society (APS)},
	author={Chung, Ming-Chiang and Peschel, Ingo},
	year={2001},
	month={Jul}
}
@misc{allahverdyan2004maximal,
	title={Maximal work extraction from quantum systems},
	author={A. E. Allahverdyan and R. Balian and Th. M. Nieuwenhuizen},
	year={2004},
	eprint={cond-mat/0401574},
	archivePrefix={arXiv},
	primaryClass={cond-mat.stat-mech}
}
@book{sachdev_2011, place={Cambridge}, edition={2}, title={Quantum Phase Transitions}, DOI={10.1017/CBO9780511973765}, publisher={Cambridge University Press}, author={Sachdev, Subir}, year={2011}}
@article{Jaegon_2007,
	author = {Jaegon, Jaegon and Sung-Ik, Sung-Ik and Kim, Beom},
	year = {2007},
	month = {01},
	pages = {},
	title = {Quantum Phase Transition and Finite-Size Scaling of the One-Dimensional Ising Model},
	volume = {50},
	journal = {Journal of The Korean Physical Society - J KOREAN PHYS SOC},
	doi = {10.3938/jkps.50.285}
}
@online{arpack,
	title = "https://www.caam.rice.edu/software/ARPACK/",
	url  = {"https://www.caam.rice.edu/software/ARPACK/"},
}
@book{Huang_1987,
	added-at = {2010-05-10T08:12:01.000+0200},
	author = {Huang, Kerson},
	biburl = {https://www.bibsonomy.org/bibtex/2c1351deedab5631d6a1dca678ccc9ad9/dhruvbansal},
	date-added = {2007-04-26 16:22:56 -0500},
	date-modified = {2007-04-30 00:58:46 -0500},
	edition = 2,
	file = {/home/dhruv/projects/work/papers/papers/Huang_1987.pdf},
	interhash = {99677c3801fcf5e8e1c6a36417d0a157},
	intrahash = {c1351deedab5631d6a1dca678ccc9ad9},
	keywords = {statmech},
	publisher = {John Wiley \& Sons},
	rating = {4},
	read = {Yes},
	timestamp = {2010-05-10T08:12:04.000+0200},
	title = {Statistical Mechanics},
	year = 1987
}

@article{PhysRev.85.808,
	title = {The Spontaneous Magnetization of a Two-Dimensional Ising Model},
	author = {Yang, C. N.},
	journal = {Phys. Rev.},
	volume = {85},
	issue = {5},
	pages = {808--816},
	numpages = {0},
	year = {1952},
	month = {Mar},
	publisher = {American Physical Society},
	doi = {10.1103/PhysRev.85.808},
	url = {https://link.aps.org/doi/10.1103/PhysRev.85.808}
}
@article{PhysRev.87.404,
	title = {Statistical Theory of Equations of State and Phase Transitions. I. Theory of Condensation},
	author = {Yang, C. N. and Lee, T. D.},
	journal = {Phys. Rev.},
	volume = {87},
	issue = {3},
	pages = {404--409},
	numpages = {0},
	year = {1952},
	month = {Aug},
	publisher = {American Physical Society},
	doi = {10.1103/PhysRev.87.404},
	url = {https://link.aps.org/doi/10.1103/PhysRev.87.404}
}
@article{Rodr_guez_Laguna_2012,
	title={Qubism: self-similar visualization of many-body wavefunctions},
	volume={14},
	ISSN={1367-2630},
	url={http://dx.doi.org/10.1088/1367-2630/14/5/053028},
	DOI={10.1088/1367-2630/14/5/053028},
	number={5},
	journal={New Journal of Physics},
	publisher={IOP Publishing},
	author={Rodríguez-Laguna, Javier and Migdał, Piotr and Berganza, Miguel Ibáñez and Lewenstein, Maciej and Sierra, Germán},
	year={2012},
	month={May},
	pages={053028}
}
@article{Lanczos:1950,
	author = "Lanczos, Cornelius",
	title = "{An iteration method for the solution of the eigenvalue problem of linear differential and integral operators}",
	doi = "10.6028/jres.045.026",
	journal = "J. Res. Natl. Bur. Stand. B",
	volume = "45",
	pages = "255--282",
	year = "1950"
}
